@article{kalman1960new,
  title={A new approach to linear filtering and prediction problems},
  author={Kalman, Rudolph Emil},
  journal={Journal of basic Engineering},
  volume={82},
  number={1},
  pages={35--45},
  year={1960},
  publisher={American Society of Mechanical Engineers}
}

@techreport{bonnet2000fuel,
  title={Fuel consumption reduction in a platoon: Experimental results with two electronically coupled trucks at close spacing},
  author={Bonnet, Christophe and Fritz, Hans},
  year={2000},
  institution={SAE Technical Paper}
}
